<record><leader>00000cas a22000007a 4500</leader><controlfield tag="001">12545095</controlfield><controlfield tag="008">850913d18941896wiuwr ne      0    0ger d</controlfield><datafield ind1=" " ind2=" " tag="010"><subfield code="a">sn 85041153 </subfield></datafield><datafield ind1=" " ind2=" " tag="040"><subfield code="a">NPV</subfield><subfield code="b">eng</subfield><subfield code="c">NPV</subfield><subfield code="d">OCLCQ</subfield></datafield><datafield ind1=" " ind2=" " tag="042"><subfield code="a">msc</subfield></datafield><datafield ind1="0" ind2="4" tag="245"><subfield code="a">Die Kaukauna Zeitung.</subfield></datafield><datafield ind1=" " ind2=" " tag="260"><subfield code="a">South Kaukauna, Wis. :</subfield><subfield code="b">C.G. Brenner,</subfield><subfield code="c">1894-1896.</subfield></datafield><datafield ind1=" " ind2=" " tag="300"><subfield code="a">v.</subfield></datafield><datafield ind1=" " ind2=" " tag="310"><subfield code="a">Weekly</subfield></datafield><datafield ind1="0" ind2=" " tag="362"><subfield code="a">Vol. 1, no. 1 (March 23, 1894)-v.3, no. 30 (Sept. 11, 1896).</subfield></datafield><datafield ind1=" " ind2=" " tag="525"><subfield code="a">Supplements accompany some issues.</subfield></datafield><datafield ind1=" " ind2=" " tag="752"><subfield code="a">United States</subfield><subfield code="b">Wisconsin</subfield><subfield code="c">Outagamie</subfield><subfield code="d">Kaukauna.</subfield></datafield><datafield ind1="0" ind2="0" tag="785"><subfield code="t">Appleton Volksfreund</subfield><subfield code="w">(DLC)sn 85041154</subfield></datafield></record>